<?xml version="1.0" encoding="UTF-8"?><collection xmlns="http://www.loc.gov/MARC21/slim"><record><leader>00479nam--2200181-u-4500</leader><controlfield tag="001">000056046</controlfield><controlfield tag="002">20161230</controlfield><controlfield tag="005">20161230201052</controlfield><controlfield tag="008">141204s1000------------r-----000-0-eng-d</controlfield><datafield ind1=" " ind2=" " tag="020"><subfield code="a">0387905812</subfield></datafield><datafield ind1=" " ind2=" " tag="040"><subfield code="a">IFIN-HH</subfield></datafield><datafield ind1=" " ind2=" " tag="080"><subfield code="a">524.83:53.01</subfield></datafield><datafield ind1="1" ind2=" " tag="100"><subfield code="a">Gal-or, Benjamin</subfield></datafield><datafield ind1="1" ind2="0" tag="245"><subfield code="a">Cosmology, physics, and philosophy</subfield><subfield code="c">Benjamin gal-or</subfield></datafield><datafield ind1=" " ind2=" " tag="260"><subfield code="a">New York</subfield><subfield code="b">Springer Verlag New York Inc</subfield><subfield code="c">1981</subfield></datafield><datafield ind1=" " ind2=" " tag="300"><subfield code="a">X+522P</subfield></datafield><datafield ind1=" " ind2=" " tag="852"><subfield code="a">70220</subfield><subfield code="c">523</subfield></datafield><datafield ind1=" " ind2=" " tag="CAT"><subfield code="a">Sys</subfield><subfield code="c">20141204</subfield><subfield code="h">155858</subfield></datafield></record></collection>